@IEEEtranBSTCTL{IEEEexample:BSTcontrol,
    CTLuse_forced_etal       = "yes",
    CTLmax_names_forced_etal = "3",
    CTLnames_show_etal       = "1"
}

@article{SAHIN2020,
    author = {UYANIK, BURAK and ŞAHİN, VEYSEL HARUN (2020)},
    title = {A template-based code generator for web applications},
    journal = {Turkish Journal of Electrical Engineering and Computer Sciences},
    year = {2020},
    volume = {28},
    number = {3},
    pages = {1747--1762, article 37},
    month = {1 janvier},
    doi = {10.3906/elk-1910-44},
    url = {https://journals.tubitak.gov.tr/elektrik/vol28/iss3/37}
}

@article{erudit_accorderie_2014,
    author = {Michaud, Myriam and Audebrand, Luc K.},
    title = {Les paradoxes de la transformation d’une association en coopérative de solidarité : le cas de l’Accorderie de Québec},
    journal = {Économie et Solidarités},
    year = {2014},
    volume = {44},
    number = {1-2},
    pages = {152-168},
    doi = {10.7202/1041610ar},
    url = {https://id.erudit.org/iderudit/1041610ar}
}

@misc{mordorintelligence_erp_2023,
    howpublished = {Mordor Intelligence},
    title = {Les principaux ERP du marché},
    year = {2023},
    month = {17 mars},
    url = {https://www.mordorintelligence.com/fr/industry-reports/enterprise-resource-planning-market}
}

@misc{bigbang_erp_2023,
    howpublished = {Big Bang ERP inc.},
    title = {Marché de la planification des ressources d’entreprise – Croissance, tendances, impact du COVID-19 et prévisions (2023-2028)},
    year = {2023},
    month = {17 mars},
    url = {https://bigbang360.com/fr/les-principaux-erp-du-marche/}
}

@misc{softwarepath_erp_2023,
    howpublished = {Software Path Ltd},
    title = {What 1,384 ERP projects tell us about selecting ERP (2022 ERP report)},
    year = {2022},
    month = {18 janvier},
    url = {https://softwarepath.com/guides/erp-report}
}

@inbook{i18n_wiley,
    title = "Current platform support for internationalization",
    author = "Lehtola, Aarno and Kalliomäki, Sakari and Kylänpää, Markku and Magann, Francis and Jin, Lingzi",
    year = "1997",
    language = "English",
    isbn = "978-0-471-96974-7",
    pages = "229--287",
    editor = "Patrick Hall and Raymond Hudson",
    booktitle = "Software without frontiers",
    publisher = "Wiley",
    address = "United States",
}

@misc{sarkar2020quines,
    title={Quines are the fittest programs: Nesting algorithmic probability converges to constructors}, 
    author={Sarkar, Aritra},
    year={2020},
    eprint={2010.09646},
    archivePrefix={arXiv},
    primaryClass={cs.LO},
    url = {https://arxiv.org/abs/2010.09646}
}

@electronic{bluiksnot_repo,
    author = {Boris Luis},
    title = {Modules Odoo 12 - projet initiale du générateur de code et migrateur de base de données},
    year = {2019},
    month = {27 août},
    url = {https://github.com/bluisknot/github_odoo_apps/tree/12.0}
} 

@electronic{wikipedia_i18n,
    author = {Wikipédia},
    title = {Internationalisation et localisation - i18n},
    year = {2023},
    month = {17 février},
    url = {https://fr.wikipedia.org/wiki/Internationalisation_et_localisation}
} 

@electronic{github_ceppp_crm,
    author = {Daniel Margulius},
    title = {Projet Portail CEPPP - SuiteCRM 7.10.9},
    year = {2019},
    month = {27 décembre},
    url = {https://github.com/lerenardprudent/ceppp_crm}
} 

@electronic{ref_erplibre,
    author = {Benoit, Mathieu and Marie-Michèle Poulin},
    title = {ERP Libre v1.5.0 AGPLv3 contenant Odoo 12.0},
    year = {2023},
    month = {19 mars},
    url = {https://erplibre.ca}
} 

@electronic{wikipedia_test_informatique,
    author = {Wikipédia},
    title = {Liste de tests informatiques},
    year = {2023},
    month = {13 mars},
    url = {https://en.wikipedia.org/wiki/Software_testing}
} 

@electronic{python_pep8,
    author = {Guido van Rossum and Barry Warsaw and Nick Coghlan},
    title = {Guide de style pour le code Python},
    year = {2023},
    month = {25 février},
    url = {https://peps.python.org/pep-0008/}
} 

@electronic{wikipedia_retroingenierie,
    author = {Wikipédia},
    title = {Rétro-ingénierie en informatique},
    year = {2022},
    month = {10 septembre},
    url = {https://fr.wikipedia.org/wiki/Rétro-ingénierie_en_informatique}
} 

@electronic{wikipedia_image_retroingenierie,
    title = {Image altération du code via la rétro-ingénierie et la ré-ingénierie},
    year = {2021},
    month = {18 juin},
    url = {https://fr.wikipedia.org/wiki/Rétro-ingénierie_en_informatique#/media/Fichier:Retroingenierie_-_Byrne.svg}
} 
